@article{mnih2015human,
  title         = {Human-level control through deep reinforcement learning},
  author        = {Mnih, V. {\it et al.}},
  year          = 2015,
  month         = feb,
  journal       = {Nature},
  publisher     = {Nature Research},
  volume        = {vol. 518, no. 7540, pp. 529-533},
  @number       = 7540,
  @pages        = {529--533}
}
@inproceedings{mnih2016a3c,
  title         = {Asynchronous methods for deep reinforcement learning},
  author        = {Mnih, V. {\it et al.}},
  year          = 2016,
  month         = jun,
  booktitle     = {Proc. Int. Conf. Machine Learning (ICML)},
  pages         = {1928--1937}
}
@inproceedings{houthooft2016vime,
  title         = {Vime: Variational information maximizing exploration},
  author        = {Houthooft, R. {\it et al.}},
  year          = 2016,
  month         = dec,
  booktitle     = {Advances in Neural Information Processing Systems (NIPS)},
  pages         = {1109--1117}
}
@inproceedings{tang2017exploration,
  title         = {\#{E}xploration: A study of count-based exploration for deep reinforcement learning},
  author        = {Tang, H. {\it et al.}},
  year          = 2017,
  month         = dec,
  booktitle     = {Advances in Neural Information Processing Systems (NIPS)},
  pages         = {2750--2759}
}
@article{ostrovski2017count,
  title         = {Count-based exploration with neural density models},
  author        = {Ostrovski, G. and Bellemare, M. G. and Oord, A. and Munos, R.},
  year          = 2017,
  month         = jun,
  journal       = {arXiv:1703.01310}
}
@inproceedings{bellemare2016unifying,
  title         = {Unifying count-based exploration and intrinsic motivation},
  author        = {Bellemare, M. {\it et al.}},
  year          = 2016,
  month         = dec,
  booktitle     = {Advances in Neural Information Processing Systems (NIPS)},
  pages         = {1471--1479}
}
@inproceedings{pathak2017curiosity,
  title         = {Curiosity-driven exploration by self-supervised prediction},
  author        = {Pathak, D. and Agrawal, P. and Efros, A. A. and Darrell, T.},
  year          = 2017,
  month         = aug,
  booktitle     = {Proc. Int. Conf. Machine Learning (ICML)},
  pages         = {2778--2787}
}
@article{stadie2015incentivizing,
  title         = {Incentivizing exploration in reinforcement learning with deep predictive models},
  author        = {Stadie, B. C. and Levine, S. and Abbeel, P.},
  year          = 2015,
  month         = nov,
  journal       = {arXiv:1507.00814}
}
@inproceedings{fortunato2018noisy,
  title         = {Noisy networks for exploration},
  author        = {Fortunato, M. {\it et al.}},
  year          = 2018,
  month         = may,
  booktitle     = {Proc. Int. Conf. Learning Representations (ICLR)}
}
@inproceedings{plappert2018paramnoise,
  title         = {Parameter space noise for exploration},
  author        = {Plappert, M. {\it et al.}},
  year          = 2018,
  month         = may,
  booktitle     = {Proc. Int. Conf. Learning Representations (ICLR)}
}
@article{bellemare13arcade,
  title         = {The Arcade Learning Environment: An Evaluation Platform for General Agents},
  author        = {{Bellemare}, M.~G. and {Naddaf}, Y. and {Veness}, J. and {Bowling}, M.},
  year          = "2013",
  month         = "jun",
  journal       = {Journal of Artificial Intelligence Research},
  volume        = "47",
  @pages        = "253--279",
}
@inproceedings{todorov2012mujoco,
  title         = {Mujoco: A physics engine for model-based control},
  author        = {Todorov, E. and Erez, T. and Tassa, Y.},
  year          = 2012,
  month         = dec,
  booktitle     = {Proc. Int. Conf. Intelligent Robots and Systems (IROS)},
  pages         = {5026--5033}
}
@inproceedings{deisenroth2011pilco,
  title         = {PILCO: A model-based and data-efficient approach to policy search},
  author        = {Deisenroth, Marc and Rasmussen, Carl E},
  year          = {2011}
  booktitle     = {Proc. Int. Conf. on machine learning},
  pages         = {465--472},
}
@inproceedings{tamar2016value,
  title         = {Value iteration networks},
  author        = {Tamar, Aviv and Wu, Yi and Thomas, Garrett and Levine, Sergey and Abbeel, Pieter},
  year          = {2016}
  booktitle     = {Advances in Neural Information Processing Systems},
  pages         ={2154--2162},
}
@inproceedings{kamthe2018gpmpc,
  title         = {Data-Efficient Reinforcement Learning with Probabilistic Model Predictive Control},
  author        = {Sanket Kamthe and Marc Deisenroth},
  booktitle     = {Proc. Int. Conf. on Artificial Intelligence and Statistics},
  pages         = {1701--1710},
  year          = {2018},
  volume        = {84},
  month         = {Apr},
}
@article{sutton2012dyna,
  title={Dyna-style planning with linear function approximation and prioritized sweeping},
  author={Sutton, Richard S and Szepesv{\'a}ri, Csaba and Geramifard, Alborz and Bowling, Michael P},
  journal={arXiv preprint arXiv:1206.3285},
  year={2012}
}
@inproceedings{kurutach2018modelensemble,
    title={Model-Ensemble Trust-Region Policy Optimization},
    author={Thanard Kurutach and Ignasi Clavera and Yan Duan and Aviv Tamar and Pieter Abbeel},
    booktitle={International Conference on Learning Representations},
    year={2018},
    url={https://openreview.net/forum?id=SJJinbWRZ},
}
@article{nagabandi2017neural,
  title={Neural network dynamics for model-based deep reinforcement learning with model-free fine-tuning},
  author={Nagabandi, Anusha and Kahn, Gregory and Fearing, Ronald S and Levine, Sergey},
  journal={arXiv preprint arXiv:1708.02596},
  year={2017}
}
@article{silver2016mastering,
  title         = {Mastering the game of {Go} with deep neural networks and tree search},
  author        = {Silver, D. {\it et al.}},
  year          = 2016,
  month         = jan,
  journal       = {Nature},
  publisher     = {Nature Research},
  volume        = {vol. 529, no. 7587, pp. 484-489},
  @number       = 7587,
  @pages        = {484--489}
}
@article{lillicrap2016ddpg,
  title         = {Continuous control with deep reinforcement learning},
  author        = {Lillicrap, T. P. {\it et al.}},
  year          = 2016,
  month         = feb,
  journal       = {arXiv:1509.02971}
}

@inproceedings{schulman2015trust,
  title         = {Trust region policy optimization},
  author        = {Schulman, J. {\it et al.}},
  year          = 2015,
  month         = jul,
  booktitle     = {Proc. Int. Conf. Machine Learning (ICML)},
  pages         = {1889--1897}
}